%[2] Intel Math Kernel Library. https://software.intel.com/en-us/intel-mkl, accessed 01/2015.

%[4] MaMI: Marcel memory interface. http://runtime.bordeaux.inria.fr/MaMI/, accessed 10/2014.

%[5] METIS. http://pdos.csail.mit.edu/metis/, accessed 11/2014.

%[6] NAS Parallel Benchmarks. http://www.nas.nasa.gov/publications/npb.html, accessed 11/2014.

%[9] PARSEC. http://parsec.cs.princeton.edu/, accessed 11/2014.

%N. J. Gunther and S. Subramanyam and S. Parvu, "A Methodology for Optimizing Multithreaded System Scalability on Multicores," in Programming Multi-core and Many-core Computing Systems, eds. S. Pllana and F. Xhafa, Wiley Series on Parallel and Distributed Computing

@Article{STG16,
	author	= "Kasahara. Lab",
	title 	= "STG Standard Task Graph Set",
   	publisher 	= "Waseda Univ", 
	year 	= "2016",  
	url 	= "http://www.kasahara.elec.waseda.ac.jp/schedule/index.html"
}

@Article{SIM11,
	author	= "P. S. Magnusson and M. Christensson and J. Eskilson",
	title 	= "Simics a full system simulation platform",
   	publisher 	= "IEEE Computer", 
	year 	= "2002",  
	pages 	= "50-58"
}

@Article{GEM12,
	author	= "M. Martin and D. J. Sorin and B. M. Beckmann",
	title 	= "Multifacet general execution driven multiprocessor simulator GEMS toolset",
   	publisher 	= "ACM SIGARCH Computer Architecture News", 
	year 	= "2005",  
	pages 	= "92-99"
}

@Article{M5S13,
	author	= "N. L. Binkert and R. G. Dreslinski and L.R. Hsu", 
	title 	= "The M5 simulator modeling networked systems",
   	publisher 	= "IEEE Micro", 
	year 	= "2006", 
	pages 	= "52-60"
}

@Article{RSI14, 
	author	= "V. S. Pai and P. Ranganathan and S. V. Adve", 
	title 	= "RSIM An Execution Driven Simulator for ILP Based Shared Memory Multiprocessors and Uniprocessors",
   	publisher 	= "Proc of the Third Workshop on Computer Architecture Education", 
	year 	= "1997"
}

@Article{RSI15,
	author	= "C. J. Hughes and V. S. Pai and P. Ranganathan and S. V. Adve", 
	title 	= "RSIM: Simulating Shared-Memory Multiproeessors with ILP Proeessors",
   	publisher 	= "IEEE Computer", 
	year 	= "2002", 
	pages 	= "40-49"
}

@Article{SIM16,
	author	= "J. Tao and M. Schulz and W. Karl",
	title 	= "SIMT Simulation as a tool for optimizing memory accesses on NUMA machines",
   	publisher 	= "Performance Evaluation", 
	year 	= "2005", 
	pages 	= "31-50"
}

@Article{Aug17,
	author	= "A. T. Nguyen and M. Michael and A. Sharma and J. Torrellas",
	title 	= "The Augmint Multiprocessor Simulation Toolkit for Intel x86 architectures",
   	publisher 	= "IEEE Computer Society", 
	year 	= "1996", 
	pages 	= "486 - 491"
}

@Article{Gra18, 
	author	= "J. E. Miller and H. Kasture",
	title 	= "Graphite A Distributed Parallel Simulator for Multicores",
   	publisher 	= "MIT- CSAI-Lab Technical report", 
	year 	= "2009"
}

@Article{Mco19,
	author	= "S. Kumar and T. Cucinotta and G. Lipari",
	title 	= "A Latency Simulator for Many-core Systems – McoreSim",
   	publisher 	= "ACM NSS 11 SCSI", 
	year 	= "2011",
	pages 	= "151-158"
}

@Article{Sim20, 
	author	= "Y. Liu and Y. Zhu",
	title 	= "SimNUMA Simulating NUMA Architecture Multiprocessor Systems Efficiently",
   	publisher 	= "PDS ICPADS", 
	year 	= "2013", 
	pages 	= "341-348"
}

@Article{SIC21, 
	author	= "V. Puente and J.A. Gregorio and R. Beivide",
	title 	= "SICOSYS An Integrated Framework for studying Interconnection Network Performance in Multiprocessor Systems",
   	publisher 	= "Proc. of Parallel, Distributed and Networkbased Processing(PDP)",
	year 	= "2002",
	pages = "15-22"
}

@Article{Mem22, 
	author	= "M. Collin and V. Jeffrey",
	title 	= "Memphis: Finding and fixing NUMArelated performance problems on multicore platforms",
   	publisher 	= "Proc. IEEE International Symposium on Performance Analysis of Systems and Software (ISPASS)",
	year 	= "2010",
	pages 	= "87-96"
}



%http://avenue-e-solutions.com/sites/default/files/files/ibm_power_720_express.pd
@PHDTHESIS{quint11,
	url 	= "http://www.theses.fr/2011GRENM066",
	title 	= "Equilibrage de charge dynamique sur plates-formes hiérarchiques",
	author	= "Quintin, Jean-Noël",
	year 	= "2011",
	url 	= "http://www.theses.fr/2011GRENM066/document"
}

@book{Linux13,
  	author  	= {Linux}, 
  	title   		= {Linux Manual},
  	url  		= {https://linux.die.net/man/8/numactl}
}

@book{IBM13,
  	author  	= {IBM corp.}, 
  	title   		= {Le serveur IBM Power 720 Express},
   	publisher 	= {IBM corp},
  	year    	= {2013},
  	url  		= {http://avenue-e-solutions.com/sites/default/files/files/ibm_power_720_express.pdf}
}

@book{Gun17,
  	author  	= {N. J. Gunther and S. Subramanyam and S. Parvu}, 
  	title   		= {A Methodology for Optimizing Multithreaded System Scalability on Multicores},
	booktitle 	= {Programming Multi-core and Many-core Computing Systems},
   	publisher 	= {Addison Wiley, Series on Parallel and Distributed Computing},
  	year    	= {2017},
  	url  		= {http://www.perfdynamics.com/Manifesto/USLscalability.html}
}

@article{slim17,
  	author  	= {Mohamed Slimane and Larbi Sekhrii}, 
  	title   		= {HLSMN High level Multicore NUMA Simulator},
	journal 	= {Electrotehnica, Electronica, Automatica, vol. 65, no. 3, pp. 170-175},
   	publisher 	= {EEA},
  	year    	= {2017},
  	url  		= {http://www.eea-journal.ro/ro/d/5/p/EEA65_3_25}
}

@Article{Aug11,
author = {C{\'e}dric Augonnet and Samuel Thibault and Raymond Namyst and Pierre-Andr{\'e} Wacrenier},
title = {StarPU: A Unified Platform for Task Scheduling on Heterogeneous Multicore Architectures},
journal = {Concurrency and Computation: Practice and Experience},
year = 2010,
publisher = {Wiley}
}

@article{slim1214,
	author 	= {Mohamed Slimane and Larbi Sekhri},
	year 		= {2014},
	month 	= {12},
	pages 	= {42-48},
	title 		= {Modeling the Scheduling Problem of Identical Parallel Machines with Load Balancing by Time Petri Nets},
	volume 	= {7},
	booktitle 	= {International Journal of Intelligent Systems and Applications},
	url 		= {http://www.mecs-press.org/ijisa/ijisa-v7-n1/IJISA-V7-N1-4.pdf}
}

@inproceedings{slim914,
	author 	= {Mohamed Slimane and Larbi Sekhri},
	year 		= {2014},
	month 	= {09},
	title 		= {Parallel Pipelined Implementation of DES Cryptographic Algorithm on Multicore Machines},
	booktitle 	= {1ères journées Scientifiques du Laboratoire d’Architectures Parallèles, Embarquées et du Calcul intensif (LAPECI)}
}

@article{Char02,
  	author  	= {Alan Charlesworth}, 
  	title   		= {The Sun Fireplane Interconnect},
	journal 	= {Venray Technology},
   	publisher 	= {IEEE Computer Society Press},
  	year    	= {07 August 2002},
  	pages 	= {36-45},
  	url  		= {http://www.venraytechnology.com/Papers/INTEL_TOMI_strategy2.htm}
}
 
@misc {amdHT,
	title 		= {AMD HyperTransport Technology},
	url 		= {http://www.amd.com/uk/products/technologies/hypertransport-technology/Pages/hypertransport-technology.aspx}
}

@book{raub13,
	title 		= {Parallel Programming for Multicore and Cluster Systems},
	year		= {2013},
	publisher 	= {Springer},
	author		= {Rauber Thomas and Rünger Gudula}
}

@book{IntelQPI09,
	title 		= {An introduction to the Intel QuickPath Interconnect},
	url 		= {http://www.intel.com/content/www/us/en/io/quickpath-technology/quick-path-interconnect-introduction-paper.html},
	year		= {2009},
	author		= {Intel}
}

@inproceedings{GogFur09,
   	author    	= {Brice Goglin and Nathalie Furmento},
   	booktitle 	= {MTAAP'09: Workshop on Multithreaded Architectures and Applications, held in conjunction with IPDPS 2009},
   	title        	= {Enabling High-Performance Memory-Migration in Linux for Multithreaded Applications},
   	year        = {2009},
   	address	= {Rome, Italy},
   	publisher 	= {IEEE Computer Society Press},
   	url          	= {http://hal.inria.fr/inria-00358172}
}


@inproceedings{HEN000,
	author = {Henrik Lof and Sverker Holmgren},
	title = {affinity-on-next-touch: increasing the performance of an industrial {PDE} solver on a {cc-NUMA} system},
	booktitle = {19th ACM International Conference on Supercomputing},
	pages = {387--392},
	year = 2005,
	address = {Cambridge, MA, USA},
}

%
@inproceedings{Mark11,
  	title 		= "Optimization Methods for the Partner Units Problem",
  	author 	= "Markus Aschinger and Conrad Drescher and Gerhard Friedrich and Georg Gottlob and Peter Jeavons and Anna Ryabokon and Evgenij Thorstensen",
  	year 		= "2011",
  	address 	= "Berlin, Germany",
  	booktitle 	= "Proceedings of the 8th International Conference on Integration of Artificial Intelligence and Operations Research Techniques in Constraint Programming for Combinatorial Optimization Problems (CPAIOR 2011)",
  	series 		= "Lecture Notes in Computer Science"
}

%
@Book{Ken02,
  	author	= {K. Kennedy and J. Allen},
  	title		= {Optimizing compilers for modern architectures: A dependence-based approach},
  	year		= {2002},
  	publisher	= {Morgan Kaufmann}
}

%
@InProceedings{Hunold07,
  	title 		= {Dynamic Scheduling of Multi-Processor Tasks on Clusters of Clusters},
  	author 	= {Hunold, Sascha and Rauber, Thomas and R\"unger, Gudula},
  	booktitle 	= {Proceedings of the Sixth International Workshop on Algorithms, Models and Tools for Parallel Computing on Heterogeneous Networks  (Heteropar'07)},  
	address 	= {Austin, TX},
  	pages 	= {507-514},
  	year 		=  {2007}
}

%
@book{Culler99,
	author	= "David E. Culler and Jaswinder Pal Singh and Anoop Gupta",
	title		= "Parallel Computer Architecture: a Hardware/Software Approach",
	year		= "1999",
	publisher	= "Morgan Kaufman"
}

%
@book{Tan02,
    	author 	= {Andrew S. Tanenbaum and Maarten van Steen},
    	title 		= {Distributed systems, Principles and Paradigms},
    	publisher 	= {Prentice Hall},
    	year 		= {2002},
    	note 		= {International Edition}
}

%[64] Sally A. McKee. Reflections on the memory wall. –, New York, NY, USA, 2004. ACM. 
@article{memw04,
  	author  	= {Sally A. McKee}, 
  	title   		= {Reflections on the memory wall},
	journal 	= {In Proceedings of the 1st Conference on Computing Frontiers, CF ’04, pages 162},
  	address     	= "New York, USA, ACM",
  	year    	= {2004}
}

%
@article{russ10,
  	author  	= {Russell Fish}, 
  	title   		= {Some Thoughts on INTEL},
	journal 	= {Venray Technology},
  	year    	= {November 29, 2010},
  	url  		= {http://www.venraytechnology.com/Papers/INTEL_TOMI_strategy2.htm}
}

%[http://www.edn.com/design/ systems- design/4368705/The-future-of-computers--Part-1-Multicore-and-the-Memory-Wall]
@article{russ11,
  	author  	= {Russell Fish}, 
  	title   		= {The future of computers - Part 1: Multicore and the Memory Wall},
	journal 	= {EDN Network},
  	year    	= {November 17, 2011},
  	url  		= {http://www.edn.com/design/ systems- design/4368705/The-future-of-computers--Part-1-Multicore-and-the-Memory-Wall}
}

%tom hardware  https://www.tomshardware.fr/articles/transistor-loi-moore-miniaturisation-processeur,1-60558.html
@article{toms16,
  	author  	= {Yannick Guerrini}, 
  	title   		= {Fin de la loi de Moore : la finesse de gravure bloquée en 2021 ?},
	journal 	= {Toms Hardware},
  	year    	= 2016,
  	url  		= {https://www.tomshardware.fr/articles/transistor-loi-moore-miniaturisation-processeur,1-60558.html}
}

%QACA
@book{qaca17,
  	title 		= {Computer Architecture: {A} Quantitative Approach, 6th ed.},
  	publisher 	= {Morgan Kaufmann Publishers},
  	year 		= {2017},
  	author 	= {John Hennessy and David Patterson},
  	isbn 		= {1-55880-069-8}
}

%Multisocket on chip
@phdthesis{msoc00,
  	author       	= {Gianni MEREU}, 
  	title        	= {Conception, Analysis, Design and Realization of a Multi-socket Network-on-Chip architecture and of the Binary Translation support for a VLIW core targeted to Systems-on-Chip},
  	school       	= {Universita degli Studi di Cagliari},
  	url         	= {http://www.diee.unica.it/driei/tesi/19_mereu.pdf}
}

%moore 65 moore:1965a
@misc{moor65,
	author 	= {Moore, Gordon E and others},
	keywords 	= {Integrated circuits},
	publisher 	= {McGraw-Hill},
	title 		= {Cramming more components onto integrated circuits},
	year 		= {1965},
	url 		= {https://www.cs.utexas.edu/~fussell/courses/cs352h/papers/moore.pdf}}

%cilk blumofe
@inproceedings{Blu95,
	author 	= {Blumofe, Robert D. and Joerg, Christopher F. and Kuszmaul, Bradley C. and Leiserson, Charles E. and Randall, Keith H. and Zhou, Yuli},
	title 		= {Cilk: An Efficient Multithreaded Runtime System},
	booktitle 	= {Proceedings of the Fifth ACM SIGPLAN Symposium on Principles and Practice of Parallel Programming},
	series 		= {PPOPP '95},
	year 		= {1995},
	isbn 		= {0-89791-700-6},
	location 	= {Santa Barbara, California, USA},
	pages 	= {207-216},
	url 		= {http://doi.acm.org/10.1145/209936.209958}
}

%[72] Antoniu Pop and Albert Cohen. . , , 2011. ACM.
@inproceedings{Ost00,
  	author     = {Antoniu Pop, Albert Cohen}, 
  	title        	= {A stream-computing extension to OpenMP},
  	school     	= "In Proceedings of the 6th International Conference on High Performance and Embedded Architectures and Compilers",
	pages 		= {5-14},
  	year        = 2011,
  	address   	= "New York, USA, ACM"
}

%[70] Judit Planas, Rosa M. Badia, Eduard Ayguadé, and Jesús Labarta. Hierarchical task-based programming with StarSs. Intl. J. on High Performance Computing Architecture, 23(3):284–299, 2009.
@inproceedings{Sta00,
  	author       	= {Judit Planas and Rosa M. Badia and Eduard Ayguadé and Jesús Labarta}, 
  	title        	= {Hierarchical task-based programming with StarSs},
  	school       	= {International Journal of High Performance Computing Applications},
	pages 		= {284-299},
  	year         	= 2009,
  	address     	= {Sage Publications, CA USA}
}

%[22] Robert D. Blumofe, Christopher F. Joerg, Bradley C. Kuszmaul, Charles E. Leiserson, Keith H. Randall, and Yuli Zhou. Cilk: An efficient multithreaded runtime system. In Proc. of the 5th ACM SIGPLAN Symp. on Principles and Practice of Parallel Programming, PPOPP ’95, pages 207–216, New York, NY, USA, 1995. ACM.
@inproceedings{Cil00,
  	author       	= {Robert D. Blumofe and Christopher F. Joerg and Bradley C. Kuszmaul and Charles E. Leiserson and Keith H. Randall and Yuli Zhou}, 
  	title        	= {Cilk: An efficient multithreaded runtime system},
  	school       	= { In Proc. of the 5th ACM SIGPLAN Symp. on Principles and Practice of Parallel Programming},
	pages ={207-216},
  	year         	= 1995,
  	address    	= "New York, USA, ACM"
}

%[49] Matteo Frigo, Charles E. Leiserson, and Keith H. Randall. The implementation of the Cilk-5 multithreaded language. In Proc. of the ACM SIGPLAN 1998 Conf. on Programming Language Design and Implementation, PLDI ’98, pages 212–223, New York, NY, USA, 1998. ACM.
@inproceedings{Cil01,
  	author       	= {Matteo Frigo and Charles E. Leiserson and Keith H. Randall}, 
  	title        	= {The implementation of the Cilk-5 multithreaded language},
  	school       	= {In Proc. of the ACM SIGPLAN 1998 Conf. on Programming Language Design and Implementation},
	pages ={212-223},
  	year         	= 1998,
  	address    	= "New York, USA, ACM"
}

%[28] François Broquedis, Thierry Gautier, and Vincent Danjean. LIBKOMP, an efficient OpenMP runtime system for both fork-join and data flow paradigms. In Proc. of the 8th Intl. Conf. on OpenMP in a Heterogeneous World, IWOMP’12, pages 102–115, Berlin, Heidelberg, 2012. Springer-Verlag.
@book{FJ11,
  	author       	= "François Broquedis, Thierry Gautier and Vincent Danjean", 
  	title        	= {LIBKOMP, an efficient OpenMP runtime system for both fork-join and data flow paradigms},
  	school       	= "In Proc. of the 8th Intl. Conf. on OpenMP in a Heterogeneous World",
	pages ={102-115},
  	year         	= 2012,
  	address     	= "Berlin, Heidelberg, Springer-Verlag"
}

@book{Omp00,
  	author       	= {OpenMP Architecture Review Board}, 
  	title        	= { OpenMP Application Program Interface Version 3.0},
  	school       	= {OMPARB},
  	year         	= 2008
}

@book{Omp01,
  	author       	= {OpenMP Architecture Review Board}, 
  	title        	= { OpenMP Application Program Interface Version 3.1},
  	school       	= {OMPARB},
  	year         	= 20011
}

@book{Omp02,
  	author       	= {OpenMP Architecture Review Board}, 
  	title        	= { OpenMP Application Program Interface Version 4.0},
  	school       	= {OMPARB},
 	url 			= {http://www.openmp.org/wp-content/uploads/OpenMP4.0.0.pdf},
  	year         	= 2013
}

@phdthesis{dreb15,
  	author       	= {Andi Drebes}, 
  	title        	= {Dynamic optimization of data-flow task-parallel applications for large-scale NUMA systems},
  	school       	= {Université Pierre et Marie Curie},
  	year         	= 2015,
  	address     	= {Paris, France}
}

@mastersthesis{aur-pral,
	address	= "Université de Bordeaux",
	author	= "Aurélien PRALONG",
	school		= "dept info",
	title		= "Optimisation de l affinité mémoire sur des machines multiprocesseurs NUMA",
	type		= "Master",
	url 		= {http://numasis.gforge.inria.fr/doc/rapport_pralong.pdf},
	year		= "2007"
}

@mastersthesis{lak-pan,
	address	= "Edinburgh",
	author	= "lakovos Panourgias",
	school		= "Edenberg university",
	title		= "NUMA effect on multicore multisocket systems",
	type		= "Master",
	url 		= {https://static.epcc.ed.ac.uk/dissertations/hpc-msc/2010-2011/IakovosPanourgias.pdf},
	year		= "2011"
}

@mastersthesis{dan-mul,
	address	= "Technische universitat Dresden",
	author	= "Daniel Muller",
	school		= "CS",
	title		= "Memory and Thread Management on NUMA Systems",
	type		= "Master",
	year		= "2013"
}

@mastersthesis{mak-pla,
	address	= "Technische universitat Dresden",
	author	= "Maksym Planeta",
	school		= "informatik",
	title		= "Simulation of a scheduling Algorithm for DAG-based Task Models",
	type		= "Master",
	year		= "2015"
}

@inproceedings{Blag,
	author 	= {Blagodurov, Sergey and Zhuravlev, Sergey and Fedorova, Alexandra and Kamali, Ali},
  	title 		= {A Case for NUMA-aware Contention Management on Multicore Systems},
  	booktitle 	= {Proceedings of the 19th International Conference on Parallel Architectures and Compilation Techniques},
  	series 		= {PACT '10},
  	year 		= {2010},
  	isbn 		= {978-1-4503-0178-7},
  	location 	= {Vienna, Austria},
  	pages 	= {557-558},
  	url 		= {http://doi.acm.org/10.1145/1854273.1854350},
  	publisher 	= {ACM},
  	address 	= {New York, NY, USA}
 }

@book{Hager2010,
	author 	= {Hager, Georg and Wellein, Gerhard},
	isbn 		= {9781439811924},
	pages 	= {356},
	title 		= {{Introduction to High Performance Computing for Scientists and Engineers}},
	year 		= {2010}
}

@INPROCEEDINGS{GogFur09OLS,
   	author     	= {Brice Goglin and Nathalie Furmento},
   	booktitle  	= {Proceedings of the Linux Symposium},
   	title      	= {Memory Migration on Next-Touch},
   	year      	= {2009},
   	address    	= {Montreal, Canada},
   	pages      	= {101-110},
   	url         	= {http://hal.inria.fr/inria-00378580}
}

@book{abd-el-barr_fundamentals_2005,
	location 	= {Hoboken, N.J.},
	title 		= {Fundamentals of computer organization and architecture},
	isbn 		= {0-471-47833-4 978-0},
	publisher 	= {Wiley},
	author 	= {Abd-El-Barr, , Mostafa and El-Rewini, Hesham.},
	date 		= {2005},
}

@book{JLoup_2010,
	title 		= {Microprocessor Architecture From Simple Pipelines to Chip Multiprocessors},
	author 	= { Jean-Loup Baer},
	date 		={2010}, 
	isbn 		={ 9780521769921}, 
	location 	= {University of Washington},
	publisher 	= {Cambridge University press}
}

@mastersthesis{jaok-2007,
	address 	= "Åbo Akademi University",
	author 	= "Joakim Nylund",
	month 	= "9",
	school 	= "Embedded Systems Laboratory, Department of Information Technologies",
	title  		= "Simulating Non-Uniform Memory Access Architecture For Cloud Server Applications",
	type  		= "Master",
	year 		= "2011"
}

@inproceedings{HWL30,
    	title 		= {{hwloc: a Generic Framework for Managing Hardware Affinities in HPC Applications}},
    	author 	= {Broquedis, Fran{\c c}ois and Clet-Ortega, J{\'e}r{\^o}me and Moreaud, St{\'e}phanie and Furmento, Nathalie and Goglin, Brice and Mercier, Guillaume and Thibault, Samuel and Namyst, Raymond},
    	booktitle 	= {PDP 2010 - The 18th Euromicro International Conference on Parallel, Distributed and Network-Based Computing},
    	address 	= {Pisa, Italie},
    	editor 		= {IEEE },
    	audience 	= {internationale },
    	year 		= {2010},
    	month 	= Feb,
    	pdf 		= {http://hal.inria.fr/inria-00429889/PDF/main.pdf},
}

@article{Danowitz:2012fk,
	acmid 		= {2133822},
	address 	= {New York, NY, USA},
	author 	= {Danowitz, Andrew and Kelley, Kyle and Mao, James and Stevenson, John P. and Horowitz, Mark},
	journal 	= {Commun. ACM},
	pages 	= {55-63},
	publisher 	= {ACM},
	title 		= {CPU DB: Recording Microprocessor History},
	url 		= {http://doi.acm.org/10.1145/2133806.2133822},
	volume 	= {55},
	year 		= {2012}
}

@inproceedings{Choi:2014fv,
	author 	= {Jee Choi and Marat Dukhan and Xing Liu and Richard Vuduc},
	booktitle 	= {In Proceedings of the 28th IEEE International Parallel and Distributed Processing Symposium (IPDPS 14)},
	title 		= {Algorithmic time, energy, and power on candidate HPC compute building blocks},
	year 		= {2014}
}

@inproceedings{McKee2004,
	address 	= {Ischia, Italy},
	author 		= {McKee, S. A.},
	booktitle 	= {Proceedings of the 1st Conference on Computing Frontiers},
	pages 		= {162},
	title 		= {Reflections on the memory wall},
	year 		= {2004},
	url 		= {https://pdfs.semanticscholar.org/5cc3/780286a223c5b27df8e21b20f0c8f538f571.pdf}
}

@inproceedings{Habanero14,
  	author    	= {Shams Mahmood Imam and Vivek Sarkar},
  	title     		= {Habanero-Java library: a Java 8 framework for multicore programming},
  	booktitle 	= {2014 International Conference on Principles and Practices of Programming on the Java Platform Virtual Machines, Languages and Tools, {PPPJ} '14, Cracow, Poland, September 23-26, 2014},
  	pages     	= {75--86},
  	year      	= {2014},
  	url 			= {https://pdfs.semanticscholar.org/3a04/fdb5a3cf99995f2f4c26c89ed325c4516d27.pdf}
}

@book{Reinders2007,
	address 	= {Sebastopol, CA},
	author 		= {James Reinders},
	publisher 	= {O'Reilly},
	title 		= {Intel threading building blocks: outfitting {C}++ for multi-core processor parallelism},
	year 		= {2007}
}

@inproceedings{Pop2011,
	author 		= {Pop, Antoniu and Cohen, Albert},
	booktitle 	= {HiPEAC},
	pages 		= {5--14},
	title 		= {{A stream-computing extension to OpenMP}},
	year 		= {2011},
	url 			= {http://www.cri.mines-paristech.fr/classement/doc/A-416.pdf}
}

@article{ScalabilityHill1990,
	author 		= {Hill, Mark D},
	journal 	= {ACM SIGARCH Computer Architecture News},
	pages 		= {18--21},
	title 		= {What is scalability?},
	url 			= {http://portal.acm.org/citation.cfm?doid=121973.121975},
	volume 	= {18},
	year 		= {1990}
}

@inproceedings{cilk,
	author 	= {Frigo, Matteo and Leiserson, Charles E. and Randall, Keith H.},
	title 		= {The Implementation of the Cilk-5 Multithreaded Language},
	booktitle 	= {Proceedings of the ACM SIGPLAN 1998 Conference on Programming Language Design and Implementation},
	series 		= {PLDI '98},
	year 		= {1998},
	location 	= {Montreal, Quebec, Canada},
	pages 		= {212--223},
	url 		= {http://doi.acm.org/10.1145/277650.277725},
	publisher 	= {ACM},
	address 	= {New York, NY, USA}
}

@inproceedings{HS-AffOnNextTouch,
	author 	= {Henrik Lof and Sverker Holmgren},
	title 		= {affinity-on-next-touch: increasing the performance of an industrial {PDE} solver on a {cc-NUMA} system},
	booktitle 	= {19th ACM International Conference on Supercomputing},
	pages 	= {387--392},
	year 		= 2005,
	month 	= jun,
	address 	= {Cambridge, MA, USA},
   	url 		= {https://dl.acm.org/citation.cfm?id=1088201&dl=ACM&coll=DL&CFID=1008354014&CFTOKEN=61731027}
}

@INPROCEEDINGS{GogFur09LinuxMigration,
  	author       	= {Brice Goglin and Nathalie Furmento},
   	booktitle    	= {MTAAP'09: Workshop on Multithreaded Architectures and Applications, held in conjunction with IPDPS 2009},
   	title        	= {Enabling High-Performance Memory-Migration in Linux for Multithreaded Applications},
   	year         	= {2009},
   	address      	= {Rome, Italy},
   	publisher    	= {IEEE Computer Society Press},
   	url          	= {http://hal.inria.fr/inria-00358172}
}

@article{Nik01,
	author 	= {Dimitrios~S. Nikolopoulos and Ernest Artiaga and Eduard Ayguad\'{e} and Jes\'{u}s Labarta},
	title  		= {Exploiting Memory Affinity in OpenMP through Schedule Reuse},
	journal 	= {ACM Computer Architecture News}, 
	volume  	= 29,
	number 	= 5,
	pages  	= {49-55}, 
	month  	= dec,
	year  		= {2001},
  	url 		= {http://people.cs.vt.edu/~dsn/papers/COMPUTER_ARCHITECTURE_NEWS_COPYRIGHTED.pdf}
}

@inproceedings{AffOnNextTouch,
	author 	= {Henrik Lof and Sverker Holmgren},
	title 		= {affinity-on-next-touch: increasing the performance of an industrial {PDE} solver on a {cc-NUMA} system},
	booktitle 	= {19th ACM International Conference on Supercomputing},
	pages 	= {387--392},
	year 		= 2005,
	month 	= jun,
	address 	= {Cambridge, MA, USA},
}

@article{xor18a00,
	author	= {Xor xav, Yor Yav},
	journal 	= {ACM SIGARCH Computer Architecture News},
	keywords 	= {mulfiprocessor,parallel random access machine,pram,scalability and speedup},
	month		= dec,
	number 	= {4},
	pages		= {18--21},
	title 		= {{What is Xoralability?}},
	url		= {http://portal.acm.org/citation.cfm?doid=121973.121975},
	volume 	= {18},
	year 		= {1990}
}

@inproceedings{ABB00,
	author 		= "Umut A. Acar and Guy E. Blelloch and Robert D. Blumofe",
	title 		= "The Data locality of Work Stealing",
	pages 		= "1-12",
	year 		= "2000"
}

@book{GLS99,
  	author 	= {William Gropp and Ewing Lusk and Anthony Skjellum},
  	title 		= {Using MPI: Portable Parallel Programming with the Message-Passing Interface},
  	publisher 	= {MIT Press},
  	year 		= {1999},
  	edition 	= {2},
  	month 	= {November}
}

@inproceedings{DG04,
 	author 	= {Dean, Jeffrey and Ghemawat, Sanjay},
 	title 		= {MapReduce: Simplified Data Processing on Large Clusters},
 	booktitle 	= {Proceedings of the 6th Conference on Symposium on Opearting Systems Design \& Implementation - Volume 6},
 	series 		= {OSDI'04},
 	year 		= {2004},
 	location 	= {San Francisco, CA},
 	pages 		= {10--10},
 	url 		= {http://dl.acm.org/citation.cfm?id=1251254.1251264},
 	publisher 	= {USENIX Association},
 	address 	= {Berkeley, CA, USA},
}

@article{ULL75,
   author = {J.D. Ullman},
   journal = {Journal of Computer and System Sciences},
   title = {NP-complete scheduling problems},
   year   = {1975},
   volume = {10},
   number = {3},
   pages = {384-393}
}

@article{KA99,
  author = {Yu-Kwong Kwok and Ishfaq Ahmad},
  title  = {{Static Scheduling Algorithms for Allocating Directed Task Graphs to Multiprocessors}},
  journal= {ACM Computing Surveys},
  volume = {31},
  year = {1999},
  pages = {406--471}
}

@inproceedings{HL14,
	author 	= {Maurice Herlihy and Zhiyu Liu},
	title 		= {Well-structured Futures and Cache Locality},
	booktitle 	= {Proceedings of the 19th ACM SIGPLAN Symposium on Principles and Practice of Parallel Programming},
	address 	= {PPoPP 14. Orlando Florida, USA},
	publisher	= {ACM}, 
	year 		= {2014}, 
	pages 		= {155–166},
	url 		= {http://doi.acm.org/10.1145/2555243.2555257}
}

@article{ALL89,
	Author = {Thomas E. Anderson and Edward D. Lazowska and Henry M. Levy},
	Journal = {IEEE Transactions on Computers},
	Month = dec,
	Number = 12,
	Pages = {1631--1644},
	Title = {The Performance Implications of Thread Management Alternatives for Shared-Memory Multiprocessors},
	Volume = 38,
	Year = 1989}

@inproceedings{Blu96,
author = "Robert D. Blumofe and Matteo Frigo and Christopher F. Joerg and Charles E. Leiserson and Keith H. Randall",
title = "An Analysis of Dag-Consistent Distributed Shared-Memory Algorithms",
booktitle = "Proceedings of the Eighth Annual ACM Symposium on Parallel Algorithms and Architectures (SPAA)",
year = 1996,
month = jun,
address = "Padua, Italy"
}


@article{CHA05,
 author = {Charles, Philippe and Grothoff, Christian and Saraswat, Vijay and Donawa, Christopher and Kielstra, Allan and Ebcioglu, Kemal and von Praun, Christoph and Sarkar, Vivek},
 title = {X10: An Object-oriented Approach to Non-uniform Cluster Computing},
 journal = {SIGPLAN Not.},
 issue_date = {October 2005},
 volume = {40},
 number = {10},
 month = oct,
 year = {2005},
 pages = {519--538},
 url = {http://doi.acm.org/10.1145/1103845.1094852},
 publisher = {ACM},
 address = {New York, NY, USA}
}  

@article{SL93,
    author    = "M.S. Squillante and E.D. Lazowska",
    title     = "Using processor-cache affinity information in shared-memory multiprocessor scheduling",
    journal   = "Parallel and Distributed Systems, IEEE Transactions",
    volume   = "4",
    number   = "2",
    pages    = "131-143",
    year      = "1993",
    month    = "Feb"
}

@mastersthesis{Pla15,
    author    = "Maksym Planeta",
    title     = "Simulation of a Scheduling Algorithm for DAG-based Task Models",
    school    = "Technische Universität Dresden",
    year      = "2015",
    month    = "May"
}

@misc{MOO65,
	author 		= {Moore, Gordon E and others},
	keywords 	= {Integrated circuits},
	publisher 	= {McGraw-Hill},
	title 		= {Cramming more components onto integrated circuits},
	year 		= {1965},
	url 			= {https://www.cs.utexas.edu/~fussell/courses/cs352h/papers/moore.pdf}, 
}

@inproceedings{KRU87,
	author 		= {Boontee Kruatrachue},
	title 		= {Static task scheduling and grain packing in parallel processing systems},
	year 		= {1987}
}

@inproceedings{SIN08,
 author = {Singh, Gurmeet and Su, Mei-Hui and Vahi, Karan and Deelman, Ewa and Berriman, Bruce and Good, John and Katz, Daniel S. and Mehta, Gaurang},
 title = {Workflow task clustering for best effort systems with Pegasus},
 booktitle = {15th ACM Mardi Gras Conference: From lightweight mash-ups to lambda grids: Understanding the spectrum of distributed computing requirements, applications, tools, infrastructures, interoperability, and the incremental adoption of key capabilities (MG'08)},
 year = {2008},
 location = {Baton Rouge, LA},
 pages = {9:1--9:8},
 url = {http://doi.acm.org/10.1145/1341811.1341822},
 publisher = {ACM},
 address = {New York}
} 

@INPROCEEDINGS{GRA99,
author = {M. Grajcar},
booktitle = {Design Automation Conference(DAC)},
title = {Genetic List Scheduling Algorithm for Scheduling and Allocation on a Loosely Coupled Heterogeneous Multiprocessor System},
year = {1999},
volume = {00},
number = {},
pages = {280-285},
url = {doi.ieeecomputersociety.org/10.1109/DAC.1999.82},
month={06}
}

@INPROCEEDINGS{Yoo86,
booktitle = {Proc. of the 25th Annual ACM Symp. on Parallelism in Algorithms and Architectures, SPAA 13},
author = {Richard M. Yoo and Christopher J. Hughes and Changkyu Kim and Yen-Kuang Chen and Christos Kozyrakis},
titile ={Locality-aware task management for unstructured parallelism: A quantitative limit study},
pages = {315–325}, 
address ={New York, NY USA},
year= {2013},
publisher 	= {AM}
}

@INPROCEEDINGS{GF50,
   AUTHOR       = {Brice Goglin and Nathalie Furmento},
   BOOKTITLE    = {MTAAP'09: Workshop on Multithreaded Architectures and Applications, held in conjunction with IPDPS 2009},
   TITLE        = {Enabling High-Performance Memory-Migration in Linux for Multithreaded Applications},
   YEAR         = {2009},
   ADDRESS      = {Rome, Italy},
   MONTH        = {May},
   PUBLISHER    = {IEEE Computer Society Press},
   KEYWORDS     = {NUMA, MaMI},
   URL          = {http://hal.inria.fr/inria-00358172}
}

@INPROCEEDINGS{DAS44,
   AUTHOR       = {Mohammad Dashti and Alexandra Fedorova and Justin Funston and Fabien Gaud and Renaud Lachaize and Baptiste Lepers and Vivien Quema and Mark Roth},
   BOOKTITLE    = {Proc. of the 18th Intl. Conf. on Architectural Support for Programming Languages and Operating Systems, ASPLOS ’13},
   TITLE        = {Traffic management: A holistic approach to memory placement on NUMA systems},
   YEAR         = {2013},
   ADDRESS      = {New York, NY USA},
   PUBLISHER    = {ACM},
	pages = {5381–394},
   URL          = {http://hal.inria.fr/inria-00358172}
}

@INPROCEEDINGS{IBS48,
   AUTHOR       = {Paul J. Drongowski},
   TITLE        = {Instruction-Based Sampling: A New Performance Analysis Technique for AMD Family 10h Processors},
   YEAR         = {2007},
   PUBLISHER    = {AMD}
}

@article{Mar62,
	address 	= {Cambridge, Massachusetts},
	author 		= {Jaydeep Marathe and Vivek Thakkar and Frank Mueller},
	publisher 	= {J. Parallel Distrib. Comput., 70(12)},
	title 		= {Feedback-directed page placement for ccnuma via hardware-generated memory traces},
pages = {1204-1219},
	year 		= {2010}
}

@INPROCEEDINGS{Bro29,
author = {P. Wacrenier and B. Goglin and S. Thibault and O. Aumage and F. Broquedis and R. Namyst},
booktitle = {2010 IEEE International Symposium on Parallel and Distributed Processing (IPDPS)},
title = {Structuring the execution of OpenMP applications for multicore architectures},
year = {2010},
volume = {00},
pages = {1-10},
url = {doi.ieeecomputersociety.org/10.1109/IPDPS.2010.5470442},
month={04}
}

@incollection{BUB83,
author = {Thibault, Samuel and Namyst, Raymond and Wacrenier, Pierre-Andr\'{e}},
booktitle = {Euro-Par 2007 Parallel Processing},
pages = {42--51},
title = {{Building Portable Thread Schedulers for Hierarchical Multiprocessors: the BubbleSched Framework}},
url = {http://arxiv.org/abs/0706.2069},
year = {2007}
}

@INPROCEEDINGS{MAM32,
   AUTHOR       = {François Broquedis and Nathalie Furmento and Brice Goglin and Raymond Namyst and Pierre-André Wacrenier},
   BOOKTITLE    = {Evolving OpenMP in an Age of Extreme Parallelism, 5th International Workshop on OpenMP, IWOMP 2009},
   TITLE        = {Dynamic Task and Data Placement over NUMA Architectures: an OpenMP Runtime Perspective},
   YEAR         = {2009},
   ADDRESS      = {Dresden, Germany},
   EDITOR       = { Matthias S. Muller, Bronis R. de Supinski, Barbara Chapman},
   MONTH        = {June},
   PAGES        = {79--92},
   PUBLISHER    = {Springer},
   SERIES       = {Lecture Notes in Computer Science},
   VOLUME       = {5568},
   KEYWORDS     = {Marcel, ForestGOMP, MaMI, NUMA},
   URL          = {http://hal.inria.fr/inria-00367570}
}

@inproceedings{Che38,
author = {Quan Chen and Minyi Guo and Haibing Guan},
booktitle = {In Proceedings of the 28th ACM International Conference on
Supercomputing, ICS ’14},
pages = {3-12},
title = {Laws: Locality-aware work-stealing for multisocket multi-core architectures},
address = {New York, NY, USA},
publisher = {ACM},
year = {2014}
}

@inproceedings{Che39,
author = {Quan Chen and Minyi Guo and Zhiyi Huang},
booktitle = {Proc. of the 26th ACM Intl. Conf. on Supercomputing, ICS ’12},
pages = {163–172},
title = {CATS: Cache aware task-stealing based on online profiling in multi-socket multi-core architectures},
address = {New York, NY, USA},
publisher = {ACM},
year = {2012}
}

@article{MAI77,
author    = {Ribeiro C. P. and Castro M. B. and Fernandes L. G. and Carissimi A. and Mehaut J.}, 
title     = {Memory Affinity for Hierarchical Shared Memory Multiprocessors},
journal   = {21st International Symposium on Computer Architecture and High Performance Computing (SBAC-PAD)},
year      = {2009}, 
publisher = {},
address   = {SÃ£o Paulo, Brazil},
volume    = {},
number    = {},
pages     = {1-8},
}

% Research Report  RR-7051
@TECHREPORT{MINAS76,
	author 		= {Christiane Pousa Ribeiro and Jean-François Méhaut},
	title 		= {Minas: Memory Affinity Management Framework},
	  number = {RR-7051},
	year 		= {2009}}

@TECHREPORT{NAS57,
  author = {H. Jin and M. Frumkin and J. Yan},
  title = {The {OpenMP} Implementation of {NAS} Parallel Benchmarks and its
	Performance},
  institution = {NASA Ames Research Center},
  year = {1999},
  number = {NAS-99-011}
}

@ARTICLE{NAS15,
    AUTHOR={D. Bailey and E. Barszcz and J. Barton and D. Browning and R. Carter and L. Dagum and R. Fatoohi and S. Fineberg
                      and P. Frederickson and T. Lasinski and R. Schreiber and H. Simon and V. Venkatakrishnan andd S. Weeretunga},
        TITLE={{The NAS Parallel Benchmarks}},
        JOURNAL={International Journal of Supercomputer Applications},
        VOLUME={5},
        NUMBER={3},
        PAGES={63-73},
        MONTH={Fall},
    YEAR={1994}
}

@inproceedings{parsec18,
  author = {Christian Bienia and Kai Li},
  title = {{PARSEC} 2.0: A New Benchmark Suite for Chip-Multiprocessors},
  booktitle = {Proceedings of the 5th Annual Workshop on Modeling, Benchmarking and Simulation},
  year = {2009},
  month = {June}
}

@misc{parsec18,
  title = {PARSEC},
  year = {2014},
  url = {http://parsec.cs.princeton.edu/}
}

@inproceedings{BL99,
  author = {Robert D. Blumofe and Charles E. Leiserson},
  title = {Scheduling Multithreaded Computations by Work Stealing},
  booktitle = {J. ACM 46.5},
	pages = {720–748},
  year = {1999},
url = {http://doi.acm.org/10.1145/324133.324234},
  month = {Spet}
}

@inproceedings{SPO09,
	  title={Beyond Nested Parallelism: Tight Bounds on Work-Stealing Overheads for Parallel Futures},
	  author={Daniel Spoonhower and Guy E. Blelloch and Phillip B. Gibbons and Robert Harper},
          booktitle = SPAA08,
          year = 2008,
          publisher = {ACM}
	}